<record><leader>00000cas a22000007a 4500</leader><controlfield tag="001">13472860</controlfield><controlfield tag="008">860422d18991906mtuwr ne      0    0eng d</controlfield><datafield ind1=" " ind2=" " tag="010"><subfield code="a">sn 86075142 </subfield></datafield><datafield ind1=" " ind2=" " tag="040"><subfield code="a">MTL</subfield><subfield code="b">eng</subfield><subfield code="c">MTL</subfield><subfield code="d">OCLCQ</subfield></datafield><datafield ind1=" " ind2=" " tag="042"><subfield code="a">msc</subfield></datafield><datafield ind1="0" ind2=" " tag="130"><subfield code="a">Montana Catholic (Butte, Mont.)</subfield></datafield><datafield ind1="1" ind2="0" tag="245"><subfield code="a">Montana Catholic.</subfield></datafield><datafield ind1=" " ind2=" " tag="260"><subfield code="a">Butte, Mont. :</subfield><subfield code="b">[s.n.],</subfield><subfield code="c">1899-1906.</subfield></datafield><datafield ind1=" " ind2=" " tag="300"><subfield code="a">13 v. :</subfield><subfield code="b">ill. ;</subfield><subfield code="c">55 cm.</subfield></datafield><datafield ind1=" " ind2=" " tag="310"><subfield code="a">Weekly</subfield></datafield><datafield ind1="0" ind2=" " tag="362"><subfield code="a">Vol. 1, no. 1 (Apr. 22, 1899)-v. 13, no. 22 (Dec. 15, 1906).</subfield></datafield><datafield ind1=" " ind2=" " tag="500"><subfield code="a">"A Weekly Publication Devoted to the Interests of the Church in Montana," 1906.</subfield></datafield><datafield ind1=" " ind2=" " tag="500"><subfield code="a">Suspended: Oct. 14, 1905-Jan. 13, 1906.</subfield></datafield><datafield ind1=" " ind2=" " tag="752"><subfield code="a">United States</subfield><subfield code="b">Montana</subfield><subfield code="c">Silver Bow</subfield><subfield code="d">Butte.</subfield></datafield></record>